@book{Adaptiv_boken,
  author    = {Ioannou, Petros A. and Sun, Jing},
  year      = 2012,
  title     = {Robust Adaptive Control},
  publisher = {Dover publications}
}

@article{MIMO_estimation,
  author  = {Stoica, Petre and Jansson, Magnus},
  year    = {2000},
  month   = {12},
  pages   = {3087 - 3099},
  title   = {MIMO system identification: State-space and subspace approximations versus transfer function and instrumental variables},
  volume  = {48},
  journal = {Signal Processing, IEEE Transactions on},
  doi     = {10.1109/78.875466}
}
@phdthesis{waste_prof,
  author = {Leskens, Martijn},
  year   = {2013},
  month  = {03},
  pages  = {},
  title  = {Improved Economic Performance of Municipal Solid Waste Combustion Plants by Model Based Combustion Control}
}

@inproceedings{ERA_source,
  title={An eigensystem realization algorithm in frequency domain for modal parameter identification},
  author={Jer-Nan Juang and Hiroshi Suzuki},
  year={1988}
}
@article{SIMC_source,
  author  = {Sigurd Skogstad},
  title   = {Simple analytic rules for model reduction and PIDcontroller tuning},
  journal = {Modeling, identification and control },
  volume  = {25},
  number  = {2},
  year    = {2004}
}

@book{Regtek_boken,
  author    = {Jens G. Balchen, Trond Andrese, Bjarne A. Foss}, 
  editor    = {Institutt for tekninsk kybernetikk, NTNU},
  title     = {Reguleringsteknikk},
  publisher = {Norges teknisk-naturvitenskapelige univeristet (NTNU)},
  year      = {2016}
}
@book{LQR_source,
  author    = {Frank L. Lewis, Draguna Vrabie, Vassilis L. Syrmos},
  editor    = {Wiley},
  title     = {Optimal Control, third edition},
  publisher = {Wiley},
  year      = {2012}
}


@unpublished{cont_LQR_lecture,
  author = {Stephen Boyd},
  title  = {Lecture 4Continuous time linear quadratic regulator},
  note   = {Lecture slides published on the internet},
  Howpublished = {University lecture slides on the internet},
  year   = {2008}
}


@unpublished{disc_LQR_lecture,
  author = {Stephen Boyd},
  title  = {Lecture 3 Infinite horizon linear quadratic regulator},
  note   = {Lecture slides published on the internet},
  Howpublished = {University lecture slides on the internet},
  year   = {2008}
}

@misc{Matrix_cookbook,
    author       = "K. B. Petersen and M. S. Pedersen",
    title        = "The Matrix Cookbook",
    year         = "2012",
    month        = "nov",
    keywords     = "Matrix identity, matrix relations, inverse, matrix derivative",
    publisher    = "Technical University of Denmark",
    address      = "",
    note         = "Version 20121115",
    url          = "http://www2.compute.dtu.dk/pubdb/pubs/3274-full.html",
    abstract     = "Matrix identities, relations and approximations. A desktop reference for quick overview of mathematics of matrices."
}
 
@article{Nelder_Mead_source,
author = {Lagarias, Jeffrey and Reeds, James and Wright, Margaret and Wright, Paul},
year = {1998},
month = {12},
pages = {112-147},
title = {Convergence Properties of the Nelder--Mead Simplex Method in Low Dimensions},
volume = {9},
journal = {SIAM Journal on Optimization},
doi = {10.1137/S1052623496303470}
}

@article{Nelder_Mead_convergence_issues,
author = {McKinnon, Kenneth},
year = {1996},
month = {09},
pages = {},
title = {Convergence of the Nelder-Mead simplex method to a non-stationary point}
}


@misc{summer_student, 
author = {Herman Øie Kolden}, 
title = "Disturbance rejection in MSWC plants",
year = "2019", 
month = "aug",
publisher= "SINTEF Energi AS", 
address= "P.O. Box 4761 Sluppen, NO-7465 Trondheim",  
}


@article{Elisa_source,
  authors          = {Magnanelli E, Tranås OL, Carlsson P, Mosby J, Becidan},
  title           = {Dynamicmodeling of municipal solid waste incineration},
  journal         = {sciencedirect},
  volume          = {"In press"},
  number          = {"In press},
  year            = {2020}
}